<?xml version="1.0" encoding="UTF-8"?><collection xmlns="http://www.loc.gov/MARC21/slim"><record><leader>00421nam--2200169-u-4500</leader><controlfield tag="001">000055430</controlfield><controlfield tag="002">20161230</controlfield><controlfield tag="005">20161230201052</controlfield><controlfield tag="008">130207s1000------------r-----000-0-eng-d</controlfield><datafield ind1=" " ind2=" " tag="040"><subfield code="a">IFIN-HH</subfield></datafield><datafield ind1=" " ind2=" " tag="080"><subfield code="a">413.231=86</subfield></datafield><datafield ind1="1" ind2=" " tag="100"><subfield code="a">Grigorieva, R.I</subfield></datafield><datafield ind1="1" ind2="0" tag="245"><subfield code="a">Ktatkii serbskohorvatsko-russkii slovari</subfield><subfield code="c">R.i. grigorieva</subfield></datafield><datafield ind1=" " ind2=" " tag="260"><subfield code="a">Moskva</subfield><subfield code="c">1960</subfield></datafield><datafield ind1=" " ind2=" " tag="300"><subfield code="a">640P</subfield></datafield><datafield ind1=" " ind2=" " tag="852"><subfield code="a">D.210</subfield><subfield code="c">SLG</subfield></datafield><datafield ind1=" " ind2=" " tag="CAT"><subfield code="a">Sys</subfield><subfield code="c">20130207</subfield><subfield code="h">162628</subfield></datafield></record></collection>